<record><leader>00000cas a22000007a 4500</leader><controlfield tag="001">12327856</controlfield><controlfield tag="008">850731d18531855wiuwr ne      0    0eng d</controlfield><datafield ind1=" " ind2=" " tag="010"><subfield code="a">sn 85041072 </subfield></datafield><datafield ind1=" " ind2=" " tag="040"><subfield code="a">NPV</subfield><subfield code="b">eng</subfield><subfield code="c">NPV</subfield><subfield code="d">NPX</subfield><subfield code="d">OCLCQ</subfield></datafield><datafield ind1=" " ind2=" " tag="042"><subfield code="a">msc</subfield></datafield><datafield ind1=" " ind2=" " tag="045"><subfield code="a">w5w5</subfield></datafield><datafield ind1=" " ind2=" " tag="052"><subfield code="a">4123</subfield><subfield code="b">D5</subfield></datafield><datafield ind1="0" ind2="0" tag="245"><subfield code="a">Beaver Dam republican.</subfield></datafield><datafield ind1=" " ind2=" " tag="260"><subfield code="a">Beaver Dam, Dodge Co., Wis. :</subfield><subfield code="b">E.C. Hull,</subfield><subfield code="c">1853-1855.</subfield></datafield><datafield ind1=" " ind2=" " tag="300"><subfield code="a">3 v. :</subfield><subfield code="b">ill.</subfield></datafield><datafield ind1=" " ind2=" " tag="310"><subfield code="a">Weekly</subfield></datafield><datafield ind1="0" ind2=" " tag="362"><subfield code="a">Vol. 1, no. 1 (Feb. 10, 1853) -v. 3, no. 7 (Apr. 18, 1855).</subfield></datafield><datafield ind1=" " ind2=" " tag="530"><subfield code="a">Available on microfilm from The State Historical Society of Wisconsin.</subfield></datafield><datafield ind1=" " ind2=" " tag="752"><subfield code="a">United States</subfield><subfield code="b">Wisconsin</subfield><subfield code="c">Pierce</subfield><subfield code="d">El Paso.</subfield></datafield><datafield ind1="0" ind2="7" tag="785"><subfield code="t">Beaver Dam sentinel</subfield></datafield><datafield ind1="0" ind2="7" tag="785"><subfield code="t">Republican and sentinel (Beaver Dam, Wis.)</subfield><subfield code="w">(DLC)sn 85041073</subfield></datafield></record>